@misc{MichaelCopeland2016,
abstract = {Artificial intelligence is the future. Artificial intelligence is science fiction. Artificial intelligence is already part of our everyday lives. All those statements are true, it just depends on what flavor of AI you are referring to.},
author = {{Michael Copeland}},
title = {{The Difference Between AI, Machine Learning, and Deep Learning? | NVIDIA Blog}},
url = {https://blogs.nvidia.com/blog/2016/07/29/whats-difference-artificial-intelligence-machine-learning-deep-learning-ai/},
urldate = {2018-04-16},
year = {2016}
}
