@misc{avastImagePoisoning2011,
author = {Jan Širmer},
title = {Google-images poisoning stats},
year = {2011},
url = "https://blog.avast.com/2011/05/17/google-images-poisoning-stats/",
urldate = {17-05-2011}
}

@misc{RyteWikiMalvertising2017,
author = {Ryte Wiki},
title = {Malvertising},
year = {2017},
url = "https://de.ryte.com/wiki/Malvertising",
urldate = {16-10-2017}
}

@misc{googleSearchPoisoning2015,
author = {Dmitry Samosseiko},
title = {Google search poisoning – old dogs learn new tricks},
year = {2015},
url = "https://news.sophos.com/en-us/2015/07/07/google-search-poisoning-old-dogs-learn-new-tricks/",
urldate = {07-07-2015}
}

@misc{avastImagePoisoningSlides2016,
author = {Jan Širmer},
title = {Google-images poisoning slides},
year = {2016},
url = "https://goo.gl/G2LdFm",
urldate = {26-08-2016}
}

@misc{fraserImagePoisoning2012,
author = {Fraser Howard},
title = {Searching for images on Bing? Beware malicious search engine poisoning},
year = {2012},
url = "https://nakedsecurity.sophos.com/2012/10/05/bing-image-blackhat-seo-poisoning/",
urldate = {05-10-2012}
}

@misc{ZdrnjaGoogleImagePoisoning2011,
author = {Bojan Zdrnja},
title = {Searching for images on Bing? Beware malicious search engine poisoning},
year = {2011},
url = "https://isc.sans.edu/diary/More+on+Google+image+poisoning/10822",
urldate = {04-05-2011}
}

@misc{PyrodronProductions2009,
author = {Pyrodron Productions},
title = {Image Poisoning Angriff},
year = {2009},
url = "https://www.youtube.com/watch?v=ISO3PSjEQt4",
urldate = {26-09-2009}
}

@misc{SchneebergerLexiWikiHacken2015,
author = {David Schneeberger},
title = {Image Poisoning Angriff},
year = {2015},
url = "https://www.lexwiki.ch/hacken/",
urldate = {25-01-2015}
}

@misc{GoogleWebmasterGuidelines2017,
author = {Google},
title = {Google Webmaster Guidelines},
year = {2017},
url = "https://support.google.com/webmasters/answer/35769",
urldate = {21-10-2017}
}

@misc{GoogleCloaking2017,
author = {Google},
title = {Google Cloaking},
year = {2017},
url = "https://support.google.com/webmasters/answer/66355?hl=en",
urldate = {21-10-2017}
}